

%****************************************************************************
@misc{pancreasimage,
	author = {Wikimedia Commons},
	title = {1820 The Pancreas},
	url = {https://commons.wikimedia.org/wiki/File:1820_The_Pancreas.jpg},
	year = {2013},
	note = {Accessed 10-July-2021}
}

@article{bockman1993anatomy,
	title={Anatomy of the pancreas},
	author={Bockman, Dale E},
	journal={The exocrine pancreas: biology, pathobiology and disease. Raven Press, New York},
	pages={1--8},
	year={1993}
}

@misc{pancreaslocationimage,
	author = {Visible Body},
	title = {Human Anatomy Atlas 2017 Edion (Computer Simulation Program)},
	url = {https://www.visiblebody.com/anatomy-and-physiology-apps/human-anatomy-atlas},
	year = {2017},
	note = {Accessed 10-July-2021}
}

@article{skandalakis1993surgical,
	title={Surgical embryology and anatomy of the pancreas.},
	author={Skandalakis, Lee John and Rowe Jr, Joseph S and Gray, Stephen W and Skandalakis, John E},
	journal={The Surgical clinics of North America},
	volume={73},
	number={4},
	pages={661--697},
	year={1993}
}

@article{krahl1974endocrine,
	title={Endocrine function of the pancreas},
	author={Krahl, ME},
	journal={Annual review of physiology},
	volume={36},
	number={1},
	pages={331--360},
	year={1974},
	publisher={Annual Reviews 4139 El Camino Way, PO Box 10139, Palo Alto, CA 94303-0139, USA}
}

@article{kamisawa2016pancreatic,
	title={Pancreatic cancer},
	author={Kamisawa, Terumi and Wood, Laura D and Itoi, Takao and Takaori, Kyoichi},
	journal={The Lancet},
	volume={388},
	number={10039},
	pages={73--85},
	year={2016},
	publisher={Elsevier}
}

@article{mizrahi2020pancreatic,
	title={Pancreatic cancer},
	author={Mizrahi, Jonathan D and Surana, Rishi and Valle, Juan W and Shroff, Rachna T},
	journal={The Lancet},
	volume={395},
	number={10242},
	pages={2008--2020},
	year={2020},
	publisher={Elsevier}
}

@article{hidalgo2010pancreatic,
	title={Pancreatic cancer},
	author={Hidalgo, Manuel},
	journal={New England Journal of Medicine},
	volume={362},
	number={17},
	pages={1605--1617},
	year={2010},
	publisher={Mass Medical Soc}
}

@misc{pancreasistatisticseer,
	author = {{The Surveillance, Epidemiology, and End Results (SEER)}},
	title = {{The Surveillance, Epidemiology, and End Results (SEER)}},
	url = {https://seer.cancer.gov/},
	year = {2020},
	note = {Accessed 10-July-2021}
}

@misc{pancreasistatisticseer2,
	author = {{National Cancer Institute. Bethesda, MD,}},
	title = {SEER Cancer Stat Facts: Cancer of Any Site.},
	url = {https://seer.cancer.gov/statfacts/html/all.html},
	year = {2020},
	note = {Accessed 10-July-2021}
}

@article{goral2014pankreas,
	title={Pankreas kanseri: patogenez ve tan{\i}},
	author={Göral, V},
	journal={Güncel Gastroenteroloji Dergisi},
	volume={18},
	number={4},
	year={2014}
}

@article{freelove2006pancreatic,
	title={Pancreatic cancer: diagnosis and management},
	author={Freelove, Robert and Walling, Anne},
	journal={American family physician},
	volume={73},
	number={3},
	pages={485--492},
	year={2006}
}

@book{cameron2001pancreatic,
	title={Pancreatic cancer},
	author={Cameron, John L},
	year={2001},
	publisher={PMPH-USA}
}

@article{chu2017diagnosis,
	title={Diagnosis and detection of pancreatic cancer},
	author={Chu, Linda C and Goggins, Michael G and Fishman, Elliot K},
	journal={The Cancer Journal},
	volume={23},
	number={6},
	pages={333--342},
	year={2017},
	publisher={LWW}
}

@article{wells2006ultrasound,
	title={Ultrasound imaging},
	author={Wells, Peter NT},
	journal={Physics in Medicine \& Biology},
	volume={51},
	number={13},
	pages={R83},
	year={2006},
	publisher={IOP Publishing}
}

@incollection{chan2011basics,
	title={Basics of ultrasound imaging},
	author={Chan, Vincent and Perlas, Anahi},
	booktitle={Atlas of ultrasound-guided procedures in interventional pain management},
	pages={13--19},
	year={2011},
	publisher={Springer}
}

@article{sofuni2005differential,
	title={Differential diagnosis of pancreatic tumors using ultrasound contrast imaging},
	author={Sofuni, Atsushi and Iijima, Hiroko and Moriyasu, Fuminori and Nakayama, Daijyu and Shimizu, Masafumi and Nakamura, Kazuto and Itokawa, Fumihide and Itoi, Takao},
	journal={Journal of gastroenterology},
	volume={40},
	number={5},
	pages={518--525},
	year={2005},
	publisher={Springer}
}

@article{rosch1991endoscopic,
	title={Endoscopic ultrasound in pancreatic tumor diagnosis},
	author={R{\"o}sch, Thomas and Lorenz, Reinhard and Braig, Christine and Feuerbach, Stefan and Siewert, J{\"o}rg Rudiger and Schusdziarra, Volker and Classen, Meinhard},
	journal={Gastrointestinal endoscopy},
	volume={37},
	number={3},
	pages={347--352},
	year={1991},
	publisher={Elsevier}
}

@article{anderson2000endoscopic,
	title={Endoscopic ultrasound is highly accurate and directs management in patients with neuroendocrine tumors of the pancreas},
	author={Anderson, Michelle A and Carpenter, Steven and Thompson, Norman W and Nostrant, Timothy T and Elta, Grace H and Scheiman, James M},
	journal={The American journal of gastroenterology},
	volume={95},
	number={9},
	pages={2271--2277},
	year={2000},
	publisher={Elsevier}
}

@article{oi1998ercp,
	title={ERCP imaging.},
	author={Oi, Itaru},
	journal={Pancreas},
	volume={16},
	number={3},
	pages={402--407},
	year={1998}
}

@article{hanada2019roles,
	title={Roles of ERCP in the early diagnosis of pancreatic cancer},
	author={Hanada, Keiji and Minami, Tomoyuki and Shimizu, Akinori and Fukuhara, Motomitsu and Yano, Shigeki and Sasaki, Kenji and Koda, Masanori and Sugiyama, Kayo and Yonehara, Shuji and Yanagisawa, Akio},
	journal={Diagnostics},
	volume={9},
	number={1},
	pages={30},
	year={2019},
	publisher={Multidisciplinary Digital Publishing Institute}
}

@article{mallery2003complications,
	title={Complications of ERCP},
	author={Mallery, J Shawn and Baron, Todd H and Dominitz, Jason A and Goldstein, Jay L and Hirota, William K and Jacobson, Brian C and Leighton, Jonathan A and Raddawi, Hareth M and Varg, John J and Waring, J Patrick and others},
	journal={Gastrointestinal endoscopy},
	volume={57},
	number={6},
	pages={633--638},
	year={2003},
	publisher={Elsevier}
}

@article{robins1995fine,
	title={Fine needle aspiration of the pancreas. In quest of accuracy.},
	author={Robins, David B and Katz, Ruth L and Evans, Douglas B and Atkinson, E Neely and Green, Linda},
	journal={Acta cytologica},
	volume={39},
	number={1},
	pages={1--10},
	year={1995}
}

@article{harewood2002endosonography,
	title={Endosonography-guided fine needle aspiration biopsy in the evaluation of pancreatic masses},
	author={Harewood, Gavin C and Wiersema, Maurits J},
	journal={The American journal of gastroenterology},
	volume={97},
	number={6},
	pages={1386--1391},
	year={2002},
	publisher={Elsevier}
}

@article{frossard2003performance,
	title={Performance of endosonography-guided fine needle aspiration and biopsy in the diagnosis of pancreatic cystic lesions},
	author={Frossard, Jean Louis and Amouyal, Paul and Amouyal, Gilles and Palazzo, Laurent and Amaris, Juan and Soldan, Manuela and Giostra, Emiliano and Spahr, Laurent and Hadengue, Antoine and Fabre, Monique},
	journal={The American journal of gastroenterology},
	volume={98},
	number={7},
	pages={1516--1524},
	year={2003},
	publisher={Elsevier}
}

@book{reimer2010clinical,
	title={Clinical MR imaging},
	author={Reimer, Peter and Parizel, Paul M and Meaney, James FM and Stichnoth, Falko A},
	year={2010},
	publisher={Springer}
}

@article{semelka1993mr,
	title={MR imaging of the pancreas.},
	author={Semelka, RICHARD C and Ascher, SM},
	journal={Radiology},
	volume={188},
	number={3},
	pages={593--602},
	year={1993}
}

@article{tirkes2012mr,
	title={MR imaging techniques for pancreas},
	author={Tirkes, Temel and Menias, Christine O and Sandrasegaran, Kumaresan},
	journal={Radiologic Clinics},
	volume={50},
	number={3},
	pages={379--393},
	year={2012},
	publisher={Elsevier}
}

@book{kalender2011computed,
	title={Computed tomography: fundamentals, system technology, image quality, applications},
	author={Kalender, Willi A},
	year={2011},
	publisher={John Wiley \& Sons}
}

@book{seeram2015computed,
	title={Computed Tomography-E-Book: Physical Principles, Clinical Applications, and Quality Control},
	author={Seeram, Euclid},
	year={2015},
	publisher={Elsevier Health Sciences}
}

@article{hounsfield1973computerized,
	title={Computerized transverse axial scanning (tomography): Part 1. Description of system},
	author={Hounsfield, Godfrey N},
	journal={The British journal of radiology},
	volume={46},
	number={552},
	pages={1016--1022},
	year={1973},
	publisher={The British Institute of Radiology}
}

@article{mcculloch1943logical,
	title={A logical calculus of the ideas immanent in nervous activity},
	author={McCulloch, Warren S and Pitts, Walter},
	journal={The bulletin of mathematical biophysics},
	volume={5},
	number={4},
	pages={115--133},
	year={1943},
	publisher={Springer}
}

@book{turing2009computing,
	title={Computing machinery and intelligence},
	author={Turing, Alan M},
	booktitle={Parsing the turing test},
	pages={23--65},
	year={2009},
	publisher={Springer}
}

@book{rosenblatt1957perceptron,
	title={The perceptron, a perceiving and recognizing automaton Project Para},
	author={Rosenblatt, Frank},
	year={1957},
	publisher={Cornell Aeronautical Laboratory}
}

@article{kelley1960gradient,
	title={Gradient theory of optimal flight paths},
	author={Kelley, Henry J},
	journal={Ars Journal},
	volume={30},
	number={10},
	pages={947--954},
	year={1960}
}

@article{dreyfus1962numerical,
	title={The numerical solution of variational problems},
	author={Dreyfus, Stuart},
	journal={Journal of Mathematical Analysis and Applications},
	volume={5},
	number={1},
	pages={30--45},
	year={1962},
	publisher={Academic Press}
}

@article{ivakhnenko1971polynomial,
	title={Polynomial theory of complex systems},
	author={Ivakhnenko, Alexey Grigorevich},
	journal={IEEE transactions on Systems, Man, and Cybernetics},
	number={4},
	pages={364--378},
	year={1971},
	publisher={IEEE}
}

@book{minsky2017perceptrons,
	title={Perceptrons: An introduction to computational geometry},
	author={Minsky, Marvin and Papert, Seymour A},
	year={2017},
	publisher={MIT press}
}

@incollection{fukushima1982neocognitron,
	title={Neocognitron: A self-organizing neural network model for a mechanism of visual pattern recognition},
	author={Fukushima, Kunihiko and Miyake, Sei},
	booktitle={Competition and cooperation in neural nets},
	pages={267--285},
	year={1982},
	publisher={Springer}
}

@article{hopfield1982neural,
	title={Neural networks and physical systems with emergent collective computational abilities},
	author={Hopfield, John J},
	journal={Proceedings of the national academy of sciences},
	volume={79},
	number={8},
	pages={2554--2558},
	year={1982},
	publisher={National Acad Sciences}
}

@article{lecun1989backpropagation,
	title={Backpropagation applied to handwritten zip code recognition},
	author={LeCun, Yann and Boser, Bernhard and Denker, John S and Henderson, Donnie and Howard, Richard E and Hubbard, Wayne and Jackel, Lawrence D},
	journal={Neural computation},
	volume={1},
	number={4},
	pages={541--551},
	year={1989},
	publisher={MIT Press}
}

@article{hochreiter1997long,
	title={Long short-term memory},
	author={Hochreiter, Sepp and Schmidhuber, J{\"u}rgen},
	journal={Neural computation},
	volume={9},
	number={8},
	pages={1735--1780},
	year={1997},
	publisher={MIT Press}
}

@article{hochreiter1998vanishing,
	title={The vanishing gradient problem during learning recurrent neural nets and problem solutions},
	author={Hochreiter, Sepp},
	journal={International Journal of Uncertainty, Fuzziness and Knowledge-Based Systems},
	volume={6},
	number={02},
	pages={107--116},
	year={1998},
	publisher={World Scientific}
}

%Torch
@techreport{collobert2002torch,
	title={Torch: a modular machine learning software library},
	author={Collobert, Ronan and Bengio, Samy and Mari{\'e}thoz, Johnny},
	year={2002},
	institution={Idiap}
}

%DNN1
@book{bengio2009learning,
  title={Learning deep architectures for AI},
  author={Bengio, Yoshua},
  year={2009},
  publisher={Now Publishers Inc}
}

@inproceedings{raina2009large,
	title={Large-scale deep unsupervised learning using graphics processors},
	author={Raina, Rajat and Madhavan, Anand and Ng, Andrew Y},
	booktitle={Proceedings of the 26th annual international conference on machine learning},
	pages={873--880},
	year={2009}
}

%Theano
@inproceedings{bergstra2010theano,
	title={Theano: a CPU and GPU math expression compiler},
	author={Bergstra, James and Breuleux, Olivier and Bastien, Fr{\'e}d{\'e}ric and Lamblin, Pascal and Pascanu, Razvan and Desjardins, Guillaume and Turian, Joseph and Warde-Farley, David and Bengio, Yoshua},
	booktitle={Proceedings of the Python for scientific computing conference (SciPy)},
	volume={4},
	number={3},
	pages={1--7},
	year={2010},
	organization={Austin, TX}
}

@article{cirecsan2010deep,
	title={Deep, big, simple neural nets for handwritten digit recognition},
	author={Cire{\c{s}}an, Dan Claudiu and Meier, Ueli and Gambardella, Luca Maria and Schmidhuber, J{\"u}rgen},
	journal={Neural computation},
	volume={22},
	number={12},
	pages={3207--3220},
	year={2010},
	publisher={MIT Press One Rogers Street, Cambridge, MA 02142-1209, USA journals-info~…}
}

@book{sanders2010cuda,
	title={CUDA by example: an introduction to general-purpose GPU programming},
	author={Sanders, Jason and Kandrot, Edward},
	year={2010},
	publisher={Addison-Wesley Professional}
}

%imagenet
@inproceedings{deng2009imagenet,
	title={Imagenet: A large-scale hierarchical image database},
	author={Deng, Jia and Dong, Wei and Socher, Richard and Li, Li-Jia and Li, Kai and Fei-Fei, Li},
	booktitle={2009 IEEE conference on computer vision and pattern recognition},
	pages={248--255},
	year={2009},
	organization={Ieee}
}

@inproceedings{glorot2011deep,
	title={Deep sparse rectifier neural networks},
	author={Glorot, Xavier and Bordes, Antoine and Bengio, Yoshua},
	booktitle={Proceedings of the fourteenth international conference on artificial intelligence and statistics},
	pages={315--323},
	year={2011},
	organization={JMLR Workshop and Conference Proceedings}
}

%AlexNet
@article{krizhevsky2012imagenet,
	title={Imagenet classification with deep convolutional neural networks},
	author={Krizhevsky, Alex and Sutskever, Ilya and Hinton, Geoffrey E},
	journal={Advances in neural information processing systems},
	volume={25},
	pages={1097--1105},
	year={2012}
}

%R-CNN
@inproceedings{girshick2014rich,
	title={Rich feature hierarchies for accurate object detection and semantic segmentation},
	author={Girshick, Ross and Donahue, Jeff and Darrell, Trevor and Malik, Jitendra},
	booktitle={Proceedings of the IEEE conference on computer vision and pattern recognition},
	pages={580--587},
	year={2014}
}

%VGG
@article{simonyan2014very,
	title={Very deep convolutional networks for large-scale image recognition},
	author={Simonyan, Karen and Zisserman, Andrew},
	journal={arXiv preprint arXiv:1409.1556},
	year={2014}
}

%DNN
@article{schmidhuber2015deep,
  title={Deep learning in neural networks: An overview},
  author={Schmidhuber, J{\"u}rgen},
  journal={Neural networks},
  volume={61},
  pages={85--117},
  year={2015},
  publisher={Elsevier}
}

%FCN
@inproceedings{long2015fully,
	title={Fully convolutional networks for semantic segmentation},
	author={Long, Jonathan and Shelhamer, Evan and Darrell, Trevor},
	booktitle={Proceedings of the IEEE conference on computer vision and pattern recognition},
	pages={3431--3440},
	year={2015}
}

%UNet
@inproceedings{ronneberger2015u,
	title={U-net: Convolutional networks for biomedical image segmentation},
	author={Ronneberger, Olaf and Fischer, Philipp and Brox, Thomas},
	booktitle={International Conference on Medical image computing and computer-assisted intervention},
	pages={234--241},
	year={2015},
	organization={Springer}
}

%GoogleLeNet
@inproceedings{szegedy2015going,
	title={Going deeper with convolutions},
	author={Szegedy, Christian and Liu, Wei and Jia, Yangqing and Sermanet, Pierre and Reed, Scott and Anguelov, Dragomir and Erhan, Dumitru and Vanhoucke, Vincent and Rabinovich, Andrew},
	booktitle={Proceedings of the IEEE conference on computer vision and pattern recognition},
	pages={1--9},
	year={2015}
}

%Fast R-CNN
@inproceedings{girshick2015fast,
	title={Fast r-cnn},
	author={Girshick, Ross},
	booktitle={Proceedings of the IEEE international conference on computer vision},
	pages={1440--1448},
	year={2015}
}

%Faster R-CNN
@article{ren2015faster,
	title={Faster r-cnn: Towards real-time object detection with region proposal networks},
	author={Ren, Shaoqing and He, Kaiming and Girshick, Ross and Sun, Jian},
	journal={Advances in neural information processing systems},
	volume={28},
	pages={91--99},
	year={2015}
}

%focal loss
@inproceedings{lin2017focal,
  title={Focal loss for dense object detection},
  author={Lin, Tsung-Yi and Goyal, Priya and Girshick, Ross and He, Kaiming and Doll{\'a}r, Piotr},
  booktitle={Proceedings of the IEEE international conference on computer vision},
  pages={2980--2988},
  year={2017}
}

%FPN
@inproceedings{lin2017feature,
	title={Feature pyramid networks for object detection},
	author={Lin, Tsung-Yi and Doll{\'a}r, Piotr and Girshick, Ross and He, Kaiming and Hariharan, Bharath and Belongie, Serge},
	booktitle={Proceedings of the IEEE conference on computer vision and pattern recognition},
	pages={2117--2125},
	year={2017}
}

%Tensorflow
@inproceedings{abadi2016tensorflow,
	title={Tensorflow: A system for large-scale machine learning},
	author={Abadi, Mart{\'\i}n and Barham, Paul and Chen, Jianmin and Chen, Zhifeng and Davis, Andy and Dean, Jeffrey and Devin, Matthieu and Ghemawat, Sanjay and Irving, Geoffrey and Isard, Michael and others},
	booktitle={12th $\{$USENIX$\}$ symposium on operating systems design and implementation ($\{$OSDI$\}$ 16)},
	pages={265--283},
	year={2016}
}

%ResNet
@inproceedings{he2016deep,
	title={Deep residual learning for image recognition},
	author={He, Kaiming and Zhang, Xiangyu and Ren, Shaoqing and Sun, Jian},
	booktitle={Proceedings of the IEEE conference on computer vision and pattern recognition},
	pages={770--778},
	year={2016}
}

%YOLO
@inproceedings{redmon2016you,
	title={You only look once: Unified, real-time object detection},
	author={Redmon, Joseph and Divvala, Santosh and Girshick, Ross and Farhadi, Ali},
	booktitle={Proceedings of the IEEE conference on computer vision and pattern recognition},
	pages={779--788},
	year={2016}
}

%SSD
@inproceedings{liu2016ssd,
	title={Ssd: Single shot multibox detector},
	author={Liu, Wei and Anguelov, Dragomir and Erhan, Dumitru and Szegedy, Christian and Reed, Scott and Fu, Cheng-Yang and Berg, Alexander C},
	booktitle={European conference on computer vision},
	pages={21--37},
	year={2016},
	organization={Springer}
}

%Mask R-CNN
@inproceedings{he2017mask,
	title={Mask r-cnn},
	author={He, Kaiming and Gkioxari, Georgia and Doll{\'a}r, Piotr and Girshick, Ross},
	booktitle={Proceedings of the IEEE international conference on computer vision},
	pages={2961--2969},
	year={2017}
}

%MobileNet
@article{howard2017mobilenets,
	title={Mobilenets: Efficient convolutional neural networks for mobile vision applications},
	author={Howard, Andrew G and Zhu, Menglong and Chen, Bo and Kalenichenko, Dmitry and Wang, Weijun and Weyand, Tobias and Andreetto, Marco and Adam, Hartwig},
	journal={arXiv preprint arXiv:1704.04861},
	year={2017}
}

%EfficientNet
@inproceedings{tan2019efficientnet,
	title={Efficientnet: Rethinking model scaling for convolutional neural networks},
	author={Tan, Mingxing and Le, Quoc},
	booktitle={International Conference on Machine Learning},
	pages={6105--6114},
	year={2019},
	organization={PMLR}
}

%pytorch
@article{paszke2019pytorch,
	title={Pytorch: An imperative style, high-performance deep learning library},
	author={Paszke, Adam and Gross, Sam and Massa, Francisco and Lerer, Adam and Bradbury, James and Chanan, Gregory and Killeen, Trevor and Lin, Zeming and Gimelshein, Natalia and Antiga, Luca and others},
	journal={Advances in neural information processing systems},
	volume={32},
	pages={8026--8037},
	year={2019}
}

%GAN
@article{goodfellow2020generative,
	title={Generative adversarial networks},
	author={Goodfellow, Ian and Pouget-Abadie, Jean and Mirza, Mehdi and Xu, Bing and Warde-Farley, David and Ozair, Sherjil and Courville, Aaron and Bengio, Yoshua},
	journal={Communications of the ACM},
	volume={63},
	number={11},
	pages={139--144},
	year={2020},
	publisher={ACM New York, NY, USA}
}

@article{dumoulin2016guide,
	title={A guide to convolution arithmetic for deep learning},
	author={Dumoulin, Vincent and Visin, Francesco},
	journal={arXiv preprint arXiv:1603.07285},
	year={2016}
}

%dropout
@article{srivastava2014dropout,
	title={Dropout: a simple way to prevent neural networks from overfitting},
	author={Srivastava, Nitish and Hinton, Geoffrey and Krizhevsky, Alex and Sutskever, Ilya and Salakhutdinov, Ruslan},
	journal={The journal of machine learning research},
	volume={15},
	number={1},
	pages={1929--1958},
	year={2014},
	publisher={JMLR. org}
}

%batch normalization
@inproceedings{ioffe2015batch,
	title={Batch normalization: Accelerating deep network training by reducing internal covariate shift},
	author={Ioffe, Sergey and Szegedy, Christian},
	booktitle={International conference on machine learning},
	pages={448--456},
	year={2015},
	organization={PMLR}
}

%regularization
@article{girosi1995regularization,
	title={Regularization theory and neural networks architectures},
	author={Girosi, Federico and Jones, Michael and Poggio, Tomaso},
	journal={Neural computation},
	volume={7},
	number={2},
	pages={219--269},
	year={1995},
	publisher={MIT Press}
}

%augmentation
@article{shorten2019survey,
	title={A survey on image data augmentation for deep learning},
	author={Shorten, Connor and Khoshgoftaar, Taghi M},
	journal={Journal of Big Data},
	volume={6},
	number={1},
	pages={1--48},
	year={2019},
	publisher={Springer}
}

%L1L2regularization
@inproceedings{ng2004feature,
	title={Feature selection, L 1 vs. L 2 regularization, and rotational invariance},
	author={Ng, Andrew Y},
	booktitle={Proceedings of the twenty-first international conference on Machine learning},
	pages={78},
	year={2004}
}

%CNN image
@phdthesis{strauch2019evolving,
	title={Evolving Convolutional Neural Network Topologies for Image Recognition},
	author={Strauch, Yaron Leander},
	year={2019},
	school={The University of Southampton}
}

%sgd
@incollection{robbins1971convergence,
	title={A convergence theorem for non negative almost supermartingales and some applications},
	author={Robbins, Herbert and Siegmund, David},
	booktitle={Optimizing methods in statistics},
	pages={233--257},
	year={1971},
	publisher={Elsevier}
}

%momentum sgd
@article{rumelhart1986learning,
	title={Learning representations by back-propagating errors},
	author={Rumelhart, David E and Hinton, Geoffrey E and Williams, Ronald J},
	journal={nature},
	volume={323},
	number={6088},
	pages={533--536},
	year={1986},
	publisher={Nature Publishing Group}
}

%adagrad
@article{duchi2011adaptive,
	title={Adaptive subgradient methods for online learning and stochastic optimization.},
	author={Duchi, John and Hazan, Elad and Singer, Yoram},
	journal={Journal of machine learning research},
	volume={12},
	number={7},
	year={2011}
}

%rmsprop
@article{tieleman2012lecture,
	title={Lecture 6.5-rmsprop: Divide the gradient by a running average of its recent magnitude},
	author={Tieleman, Tijmen and Hinton, Geoffrey and others},
	journal={COURSERA: Neural networks for machine learning},
	volume={4},
	number={2},
	pages={26--31},
	year={2012}
}

%adam
@article{kingma2014adam,
	title={Adam: A method for stochastic optimization},
	author={Kingma, Diederik P and Ba, Jimmy},
	journal={arXiv preprint arXiv:1412.6980},
	year={2014}
}

%CNN
@article{hubel1968receptive,
	title={Receptive fields and functional architecture of monkey striate cortex},
	author={Hubel, David H and Wiesel, Torsten N},
	journal={The Journal of physiology},
	volume={195},
	number={1},
	pages={215--243},
	year={1968},
	publisher={Wiley Online Library}
}

@article{fukushima1983neocognitron,
	title={Neocognitron: A neural network model for a mechanism of visual pattern recognition},
	author={Fukushima, Kunihiko and Miyake, Sei and Ito, Takayuki},
	journal={IEEE transactions on systems, man, and cybernetics},
	number={5},
	pages={826--834},
	year={1983},
	publisher={IEEE}
}

@article{matsugu2003subject,
	title={Subject independent facial expression recognition with robust face detection using a convolutional neural network},
	author={Matsugu, Masakazu and Mori, Katsuhiko and Mitari, Yusuke and Kaneda, Yuji},
	journal={Neural Networks},
	volume={16},
	number={5-6},
	pages={555--559},
	year={2003},
	publisher={Elsevier}
}

%transfer learning
@article{pan2009survey,
	title={A survey on transfer learning},
	author={Pan, Sinno Jialin and Yang, Qiang},
	journal={IEEE Transactions on knowledge and data engineering},
	volume={22},
	number={10},
	pages={1345--1359},
	year={2009},
	publisher={IEEE}
}

%%%%tezin kapsamı

@article{peery2019burden,
	title={Burden and cost of gastrointestinal, liver, and pancreatic diseases in the United States: update 2018},
	author={Peery, Anne F and Crockett, Seth D and Murphy, Caitlin C and Lund, Jennifer L and Dellon, Evan S and Williams, J Lucas and Jensen, Elizabeth T and Shaheen, Nicholas J and Barritt, Alfred S and Lieber, Sarah R and others},
	journal={Gastroenterology},
	volume={156},
	number={1},
	pages={254--272},
	year={2019},
	publisher={Elsevier}
}

@article{peng2020method,
	title={A method of rapid quantification of patient-specific organ doses for CT using deep-learning-based multi-organ segmentation and GPU-accelerated Monte Carlo dose computing},
	author={Peng, Zhao and Fang, Xi and Yan, Pingkun and Shan, Hongming and Liu, Tianyu and Pei, Xi and Wang, Ge and Liu, Bob and Kalra, Mannudeep K and Xu, X George},
	journal={Medical physics},
	volume={47},
	number={6},
	pages={2526--2536},
	year={2020},
	publisher={Wiley Online Library}
}

@article{wittenstein2019automatic,
	title={Automatic image segmentation based on synthetic tissue model for delineating organs at risk in spinal metastasis treatment planning},
	author={Wittenstein, Olaf and Hiepe, Patrick and Sowa, Lars Henrik and Karsten, Elias and Fandrich, Iris and Dunst, Juergen},
	journal={Strahlentherapie und Onkologie},
	volume={195},
	number={12},
	pages={1094--1103},
	year={2019},
	publisher={Springer}
}


@article{ahn2019comparative,
	title={Comparative clinical evaluation of atlas and deep-learning-based auto-segmentation of organ structures in liver cancer},
	author={Ahn, Sang Hee and Yeo, Adam Unjin and Kim, Kwang Hyeon and Kim, Chankyu and Goh, Youngmoon and Cho, Shinhaeng and Lee, Se Byeong and Lim, Young Kyung and Kim, Haksoo and Shin, Dongho and others},
	journal={Radiation Oncology},
	volume={14},
	number={1},
	pages={1--13},
	year={2019},
	publisher={Springer}
}

@inproceedings{zhao2019fully,
	title={Fully automated pancreas segmentation with two-stage 3D convolutional neural networks},
	author={Zhao, Ningning and Tong, Nuo and Ruan, Dan and Sheng, Ke},
	booktitle={International Conference on Medical Image Computing and Computer-Assisted Intervention},
	pages={201--209},
	year={2019},
	organization={Springer}
}

@article{dogan2021two,
	title={A Two-Phase Approach using Mask R-CNN and 3D U-Net for High-Accuracy Automatic Segmentation of Pancreas in CT Imaging},
	author={Dogan, Ramazan Ozgur and Dogan, Hulya and Bayrak, Coskun and Kayikcioglu, Temel},
	journal={Computer Methods and Programs in Biomedicine},
	volume={207},
	pages={106141},
	year={2021},
	publisher={Elsevier}
}

%%%%literatur

@inproceedings{tam2014efficient,
	title={Efficient pancreas segmentation in computed tomography based on region-growing},
	author={Tam, Tran Duc and Binh, Nguyen Thanh},
	booktitle={International Conference on Nature of Computation and Communication},
	pages={332--340},
	year={2014},
	organization={Springer}
}

@incollection{farag2017automatic,
	title={Automatic pancreas segmentation using coarse-to-fine Superpixel labeling},
	author={Farag, Amal and Lu, Le and Roth, Holger R and Liu, Jiamin and Turkbey, Evrim and Summers, Ronald M},
	booktitle={Deep learning and convolutional neural networks for medical image computing},
	pages={279--302},
	year={2017},
	publisher={Springer}
}

@inproceedings{oda2016regression,
	title={Regression forest-based atlas localization and direction specific atlas generation for pancreas segmentation},
	author={Oda, Masahiro and Shimizu, Natsuki and Karasawa, Ken’ichi and Nimura, Yukitaka and Kitasaka, Takayuki and Misawa, Kazunari and Fujiwara, Michitaka and Rueckert, Daniel and Mori, Kensaku},
	booktitle={International Conference on Medical Image Computing and Computer-Assisted Intervention},
	pages={556--563},
	year={2016},
	organization={Springer}
}

@inproceedings{karasawa2015pancreas,
  title={Pancreas segmentation from 3D abdominal CT images using patient-specific weighted subspatial probabilistic atlases},
  author={Karasawa, Kenichi and Oda, Masahiro and Hayashi, Yuichiro and Nimura, Yukitaka and Kitasaka, Takayuki and Misawa, Kazunari and Fujiwara, Michitaka and Rueckert, Daniel and Mori, Kensaku},
  booktitle={Medical Imaging 2015: Image Processing},
  volume={9413},
  pages={94131A},
  year={2015},
  organization={International Society for Optics and Photonics}
}

@article{karasawa2017multi,
	title={Multi-atlas pancreas segmentation: atlas selection based on vessel structure},
	author={Karasawa, Ken’ichi and Oda, Masahiro and Kitasaka, Takayuki and Misawa, Kazunari and Fujiwara, Michitaka and Chu, Chengwen and Zheng, Guoyan and Rueckert, Daniel and Mori, Kensaku},
	journal={Medical image analysis},
	volume={39},
	pages={18--28},
	year={2017},
	publisher={Elsevier}
}

@inproceedings{karasawa2015structure,
  title={Structure specific atlas generation and its application to pancreas segmentation from contrasted abdominal CT volumes},
  author={Karasawa, Ken’ichi and Kitasaka, Takayuki and Oda, Masahiro and Nimura, Yukitaka and Hayashi, Yuichiro and Fujiwara, Michitaka and Misawa, Kazunari and Rueckert, Daniel and Mori, Kensaku},
  booktitle={International MICCAI Workshop on Medical Computer Vision},
  pages={47--56},
  year={2015},
  organization={Springer}
}

@article{takizawa2017interactive,
  title={Interactive segmentation of pancreases in abdominal computed tomography images and its evaluation based on segmentation accuracy and interaction costs},
  author={Takizawa, Hotaka and Suzuki, Takenobu and Kudo, Hiroyuki and Okada, Toshiyuki},
  journal={BioMed research international},
  year={2017},
  publisher={Hindawi}
}

@article{shimizu2010automated,
  title={Automated pancreas segmentation from three-dimensional contrast-enhanced computed tomography},
  author={Shimizu, Akinobu and Kimoto, Tatsuya and Kobatake, Hidefumi and Nawano, Shigeru and Shinozaki, Kenji},
  journal={International journal of computer assisted radiology and surgery},
  volume={5},
  number={1},
  pages={85--98},
  year={2010},
  publisher={Springer}
}

@inproceedings{oda2011organ,
	title={Organ segmentation from 3D abdominal CT images based on atlas selection and graph cut},
	author={Oda, Masahiro and Nakaoka, Teruhisa and Kitasaka, Takayuki and Furukawa, Kazuhiro and Misawa, Kazunari and Fujiwara, Michitaka and Mori, Kensaku},
	booktitle={International MICCAI Workshop on Computational and Clinical Challenges in Abdominal Imaging},
	pages={181--188},
	year={2011},
	organization={Springer}
}


@inproceedings{chu2013multi,
	title={Multi-organ segmentation based on spatially-divided probabilistic atlas from 3D abdominal CT images},
	author={Chu, Chengwen and Oda, Masahiro and Kitasaka, Takayuki and Misawa, Kazunari and Fujiwara, Michitaka and Hayashi, Yuichiro and Nimura, Yukitaka and Rueckert, Daniel and Mori, Kensaku},
	booktitle={International conference on medical image computing and computer-assisted intervention},
	pages={165--172},
	year={2013},
	organization={Springer}
}

@article{wolz2013automated,
	title={Automated abdominal multi-organ segmentation with subject-specific atlas generation},
	author={Wolz, Robin and Chu, Chengwen and Misawa, Kazunari and Fujiwara, Michitaka and Mori, Kensaku and Rueckert, Daniel},
	journal={IEEE transactions on medical imaging},
	volume={32},
	number={9},
	pages={1723--1730},
	year={2013},
	publisher={IEEE}
}

@article{okada2015abdominal,
  title={Abdominal multi-organ segmentation from CT images using conditional shape--location and unsupervised intensity priors},
  author={Okada, Toshiyuki and Linguraru, Marius George and Hori, Masatoshi and Summers, Ronald M and Tomiyama, Noriyuki and Sato, Yoshinobu},
  journal={Medical image analysis},
  volume={26},
  number={1},
  pages={1--18},
  year={2015},
  publisher={Elsevier}
}

@article{hammon2013model,
	title={Model-based pancreas segmentation in portal venous phase contrast-enhanced CT images},
	author={Hammon, Matthias and Cavallaro, Alexander and Erdt, Marius and Dankerl, Peter and Kirschner, Matthias and Drechsler, Klaus and Wesarg, Stefan and Uder, Michael and Janka, Rolf},
	journal={Journal of digital imaging},
	volume={26},
	number={6},
	pages={1082--1090},
	year={2013},
	publisher={Springer}
}

@inproceedings{roth2015deep,
	title={Deep convolutional networks for pancreas segmentation in CT imaging},
	author={Roth, Holger R and Farag, Amal and Lu, Le and Turkbey, Evrim B and Summers, Ronald M},
	booktitle={Medical Imaging 2015: Image Processing},
	volume={9413},
	pages={94131G},
	year={2015},
	organization={International Society for Optics and Photonics}
}

@inproceedings{roth2015deeporgan,
	title={Deeporgan: Multi-level deep convolutional networks for automated pancreas segmentation},
	author={Roth, Holger R and Lu, Le and Farag, Amal and Shin, Hoo-Chang and Liu, Jiamin and Turkbey, Evrim B and Summers, Ronald M},
	booktitle={International conference on medical image computing and computer-assisted intervention},
	pages={556--564},
	year={2015},
	organization={Springer}
}

%%%%alper hoca eklettirdi içerde atıf ver
@article{farag2016bottom,
  title={A bottom-up approach for pancreas segmentation using cascaded superpixels and (deep) image patch labeling},
  author={Farag, Amal and Lu, Le and Roth, Holger R and Liu, Jiamin and Turkbey, Evrim and Summers, Ronald M},
  journal={IEEE Transactions on Image Processing},
  volume={26},
  number={1},
  pages={386--399},
  year={2016},
  publisher={IEEE}
}

@inproceedings{roth2016spatial,
	title={Spatial aggregation of holistically-nested networks for automated pancreas segmentation},
	author={Roth, Holger R and Lu, Le and Farag, Amal and Sohn, Andrew and Summers, Ronald M},
	booktitle={International conference on medical image computing and computer-assisted intervention},
	pages={451--459},
	year={2016},
	organization={Springer}
}

@article{roth2018spatial,
	title={Spatial aggregation of holistically-nested convolutional neural networks for automated pancreas localization and segmentation},
	author={Roth, Holger R and Lu, Le and Lay, Nathan and Harrison, Adam P and Farag, Amal and Sohn, Andrew and Summers, Ronald M},
	journal={Medical image analysis},
	volume={45},
	pages={94--107},
	year={2018},
	publisher={Elsevier}
}

@article{zhou2016pancreas,
	title={Pancreas segmentation in abdominal CT scan: a coarse-to-fine approach},
	author={Zhou, Yuyin and Xie, Lingxi and Shen, Wei and Fishman, Elliot and Yuille, Alan},
	journal={arXiv preprint arXiv:1612.08230},
	year={2016}
}

@article{cai2017improving,
	title={Improving deep pancreas segmentation in CT and MRI images via recurrent neural contextual learning and direct loss function},
	author={Cai, Jinzheng and Lu, Le and Xie, Yuanpu and Xing, Fuyong and Yang, Lin},
	journal={arXiv preprint arXiv:1707.04912},
	year={2017}
}

@inproceedings{yu2018recurrent,
	title={Recurrent saliency transformation network: Incorporating multi-stage visual cues for small organ segmentation},
	author={Yu, Qihang and Xie, Lingxi and Wang, Yan and Zhou, Yuyin and Fishman, Elliot K and Yuille, Alan L},
	booktitle={Proceedings of the IEEE conference on computer vision and pattern recognition},
	pages={8280--8289},
	year={2018}
}

@inproceedings{ma2018novel,
	title={A novel bayesian model incorporating deep neural network and statistical shape model for pancreas segmentation},
	author={Ma, Jingting and Lin, Feng and Wesarg, Stefan and Erdt, Marius},
	booktitle={International Conference on Medical Image Computing and Computer-Assisted Intervention},
	pages={480--487},
	year={2018},
	organization={Springer}
}

@inproceedings{zhu20183d,
	title={A 3D coarse-to-fine framework for volumetric medical image segmentation},
	author={Zhu, Zhuotun and Xia, Yingda and Shen, Wei and Fishman, Elliot and Yuille, Alan},
	booktitle={2018 International conference on 3D vision (3DV)},
	pages={682--690},
	year={2018},
	organization={IEEE}
}

@inproceedings{chen2019harnessing,
	title={Harnessing 2D networks and 3D features for automated pancreas segmentation from volumetric CT images},
	author={Chen, Huai and Wang, Xiuying and Huang, Yijie and Wu, Xiyi and Yu, Yizhou and Wang, Lisheng},
	booktitle={International Conference on Medical Image Computing and Computer-Assisted Intervention},
	pages={339--347},
	year={2019},
	organization={Springer}
}

@inproceedings{khosravan2019pan,
	title={Pan: Projective adversarial network for medical image segmentation},
	author={Khosravan, Naji and Mortazi, Aliasghar and Wallace, Michael and Bagci, Ulas},
	booktitle={International Conference on Medical Image Computing and Computer-Assisted Intervention},
	pages={68--76},
	year={2019},
	organization={Springer}
}

@inproceedings{li2020model,
	title={A Model-Driven Stack-Based Fully Convolutional Network for Pancreas Segmentation},
	author={Li, Hao and Li, Jun and Lin, Xiaozhu and Qian, Xiaohua},
	booktitle={2020 5th International Conference on Communication, Image and Signal Processing (CCISP)},
	pages={288--293},
	year={2020},
	organization={IEEE}
}

@article{xue2019cascaded,
	title={Cascaded multitask 3-D fully convolutional networks for pancreas segmentation},
	author={Xue, Jie and He, Kelei and Nie, Dong and Adeli, Ehsan and Shi, Zhenshan and Lee, Seong-Whan and Zheng, Yuanjie and Liu, Xiyu and Li, Dengwang and Shen, Dinggang},
	journal={IEEE transactions on cybernetics},
	year={2019},
	publisher={IEEE}
}

@article{roth2018application,
	title={An application of cascaded 3D fully convolutional networks for medical image segmentation},
	author={Roth, Holger R and Oda, Hirohisa and Zhou, Xiangrong and Shimizu, Natsuki and Yang, Ying and Hayashi, Yuichiro and Oda, Masahiro and Fujiwara, Michitaka and Misawa, Kazunari and Mori, Kensaku},
	journal={Computerized Medical Imaging and Graphics},
	volume={66},
	pages={90--99},
	year={2018},
	publisher={Elsevier}
}

@article{liu2019automatic,
	title={Automatic Pancreas Segmentation via Coarse Location and Ensemble Learning},
	author={Liu, Shangqing and Yuan, Xinrui and Hu, Runyue and Liang, Shujun and Feng, Shaohua and Ai, Yuhua and Zhang, Yu},
	journal={IEEE Access},
	year={2019},
	publisher={IEEE}
}

@article{zheng2020deep,
	title={Deep pancreas segmentation with uncertain regions of shadowed sets},
	author={Zheng, Haiyan and Chen, Yufei and Yue, Xiaodong and Ma, Chao and Liu, Xianhui and Yang, Panpan and Lu, Jianping},
	journal={Magnetic Resonance Imaging},
	volume={68},
	pages={45--52},
	year={2020},
	publisher={Elsevier}
}

@inproceedings{zhou2017deep,
	title={Deep supervision for pancreatic cyst segmentation in abdominal CT scans},
	author={Zhou, Yuyin and Xie, Lingxi and Fishman, Elliot K and Yuille, Alan L},
	booktitle={International conference on medical image computing and computer-assisted intervention},
	pages={222--230},
	year={2017},
	organization={Springer}
}

@article{isensee2018nnu,
	title={nnu-net: Self-adapting framework for u-net-based medical image segmentation},
	author={Isensee, Fabian and Petersen, Jens and Klein, Andre and Zimmerer, David and Jaeger, Paul F and Kohl, Simon and Wasserthal, Jakob and Koehler, Gregor and Norajitra, Tobias and Wirkert, Sebastian and others},
	journal={arXiv preprint arXiv:1809.10486},
	year={2018}
}

@inproceedings{cai2019end,
	title={End-to-end adversarial shape learning for abdomen organ deep segmentation},
	author={Cai, Jinzheng and Xia, Yingda and Yang, Dong and Xu, Daguang and Yang, Lin and Roth, Holger},
	booktitle={International Workshop on Machine Learning in Medical Imaging},
	pages={124--132},
	year={2019},
	organization={Springer}
}

@inproceedings{perslev2019one,
	title={One network to segment them all: A general, lightweight system for accurate 3d medical image segmentation},
	author={Perslev, Mathias and Dam, Erik Bj{\o}rnager and Pai, Akshay and Igel, Christian},
	booktitle={International Conference on Medical Image Computing and Computer-Assisted Intervention},
	pages={30--38},
	year={2019},
	organization={Springer}
}

@article{xia2020uncertainty,
	title={Uncertainty-aware multi-view co-training for semi-supervised medical image segmentation and domain adaptation},
	author={Xia, Yingda and Yang, Dong and Yu, Zhiding and Liu, Fengze and Cai, Jinzheng and Yu, Lequan and Zhu, Zhuotun and Xu, Daguang and Yuille, Alan and Roth, Holger},
	journal={Medical Image Analysis},
	volume={65},
	pages={101766},
	year={2020},
	publisher={Elsevier}
}

@inproceedings{yu2020c2fnas,
	title={C2fnas: Coarse-to-fine neural architecture search for 3d medical image segmentation},
	author={Yu, Qihang and Yang, Dong and Roth, Holger and Bai, Yutong and Zhang, Yixiao and Yuille, Alan L and Xu, Daguang},
	booktitle={Proceedings of the IEEE/CVF Conference on Computer Vision and Pattern Recognition},
	pages={4126--4135},
	year={2020}
}

@article{yu2020cakes,
	title={Cakes: Channel-wise automatic kernel shrinking for efficient 3d network},
	author={Yu, Qihang and Li, Yingwei and Mei, Jieru and Zhou, Yuyin and Yuille, Alan L},
	journal={arXiv preprint arXiv:2003.12798},
	volume={2},
	year={2020}
}

@article{daza2021towards,
	title={Towards Robust General Medical Image Segmentation},
	author={Daza, Laura and P{\'e}rez, Juan C and Arbel{\'a}ez, Pablo},
	journal={arXiv preprint arXiv:2107.04263},
	year={2021}
}

@inproceedings{zhu2019v,
	title={V-nas: Neural architecture search for volumetric medical image segmentation},
	author={Zhu, Zhuotun and Liu, Chenxi and Yang, Dong and Yuille, Alan and Xu, Daguang},
	booktitle={2019 International Conference on 3D Vision (3DV)},
	pages={240--248},
	year={2019},
	organization={IEEE}
}

@article{tureckova2020improving,
	title={Improving CT Image Tumor Segmentation Through Deep Supervision and Attentional Gates},
	author={Tureckova, Alzbeta and Turecek, Tomas and Kominkova Oplatkova, Zuzana and Rodriguez-Sanchez, Antonio J},
	journal={Frontiers in Robotics and AI},
	volume={7},
	pages={106},
	year={2020},
	publisher={Frontiers}
}

@inproceedings{xia20203d,
	title={3d semi-supervised learning with uncertainty-aware multi-view co-training},
	author={Xia, Yingda and Liu, Fengze and Yang, Dong and Cai, Jinzheng and Yu, Lequan and Zhu, Zhuotun and Xu, Daguang and Yuille, Alan and Roth, Holger},
	booktitle={Proceedings of the IEEE/CVF Winter Conference on Applications of Computer Vision},
	pages={3646--3655},
	year={2020}
}

%performans metrikleri
@article{dice1945measures,
	title={Measures of the amount of ecologic association between species},
	author={Dice, Lee R},
	journal={Ecology},
	volume={26},
	number={3},
	pages={297--302},
	year={1945},
	publisher={JSTOR}
}

@article{jaccard1912distribution,
	title={The distribution of the flora in the alpine zone. 1},
	author={Jaccard, Paul},
	journal={New phytologist},
	volume={11},
	number={2},
	pages={37--50},
	year={1912},
	publisher={Wiley Online Library}
}

@article{altman1994diagnostic,
	title={Diagnostic tests. 1: Sensitivity and specificity.},
	author={Altman, Douglas G and Bland, J Martin},
	journal={BMJ: British Medical Journal},
	volume={308},
	number={6943},
	pages={1552},
	year={1994},
	publisher={BMJ Publishing Group}
}

@article{altman1994statistics,
	title={Statistics Notes: Diagnostic tests 2: predictive values},
	author={Altman, Douglas G and Bland, J Martin},
	journal={Bmj},
	volume={309},
	number={6947},
	pages={102},
	year={1994},
	publisher={British Medical Journal Publishing Group}
}

@inproceedings{metz1978basic,
	title={Basic principles of ROC analysis},
	author={Metz, Charles E},
	booktitle={Seminars in nuclear medicine},
	volume={8},
	number={4},
	pages={283--298},
	year={1978},
	organization={Elsevier}
}

@article{fawcett2006introduction,
	title={An introduction to ROC analysis},
	author={Fawcett, Tom},
	journal={Pattern recognition letters},
	volume={27},
	number={8},
	pages={861--874},
	year={2006},
	publisher={Elsevier}
}

@article{hanley1982meaning,
	title={The meaning and use of the area under a receiver operating characteristic (ROC) curve.},
	author={Hanley, James A and McNeil, Barbara J},
	journal={Radiology},
	volume={143},
	number={1},
	pages={29--36},
	year={1982}
}

@article{simpson2019large,
	title={A large annotated medical image dataset for the development and evaluation of segmentation algorithms},
	author={Simpson, Amber L and Antonelli, Michela and Bakas, Spyridon and Bilello, Michel and Farahani, Keyvan and Van Ginneken, Bram and Kopp-Schneider, Annette and Landman, Bennett A and Litjens, Geert and Menze, Bjoern and others},
	journal={arXiv preprint arXiv:1902.09063},
	year={2019}
}

@article{attiyeh2018survival,
	title={Survival prediction in pancreatic ductal adenocarcinoma by quantitative computed tomography image analysis},
	author={Attiyeh, Marc A and Chakraborty, Jayasree and Doussot, Alexandre and Langdon-Embry, Liana and Mainarich, Shiana and G{\"o}nen, Mithat and Balachandran, Vinod P and D’Angelica, Michael I and DeMatteo, Ronald P and Jarnagin, William R and others},
	journal={Annals of surgical oncology},
	volume={25},
	number={4},
	pages={1034--1042},
	year={2018},
	publisher={Springer}
}

@article{attiyeh2019preoperative,
	title={Preoperative risk prediction for intraductal papillary mucinous neoplasms by quantitative CT image analysis},
	author={Attiyeh, Marc A and Chakraborty, Jayasree and Gazit, Lior and Langdon-Embry, Liana and Gonen, Mithat and Balachandran, Vinod P and D'Angelica, Michael I and DeMatteo, Ronald P and Jarnagin, William R and Kingham, T Peter and others},
	journal={Hpb},
	volume={21},
	number={2},
	pages={212--218},
	year={2019},
	publisher={Elsevier}
}

@article{chakraborty2018ct,
	title={CT radiomics to predict high-risk intraductal papillary mucinous neoplasms of the pancreas},
	author={Chakraborty, Jayasree and Midya, Abhishek and Gazit, Lior and Attiyeh, Marc and Langdon-Embry, Liana and Allen, Peter J and Do, Richard KG and Simpson, Amber L},
	journal={Medical physics},
	volume={45},
	number={11},
	pages={5019--5029},
	year={2018},
	publisher={Wiley Online Library}
}

@article{hulovatyy2016scout,
	title={SCOUT: simultaneous time segmentation and community detection in dynamic networks},
	author={Hulovatyy, Yuriy and Milenkovi{\'c}, Tijana},
	journal={Scientific reports},
	volume={6},
	pages={37557},
	year={2016},
	publisher={Nature Publishing Group}
}